@Manual{FIPS:180-1,
  author =       {{FIPS 180-1}},
  title =        {Secure Hash Standard},
  organization = {U.S. Department of Commerce/{N.I.S.T.}, National Technical Information Service},
  address =      {Springfield, VA},
  month =        Apr,
  year =         1995
}

@inproceedings{ coral:nsdi04,
    title = "Democratizing content publication with {Coral}",
    author = "Michael J. Freedman and Eric Freudenthal and David Mazi{\`e}res",
    booktitle = "Proc.\ 1st Symposium on Networked Systems Design and Implementation ({NSDI})",
    address = "San Francisco, CA",
    month = Mar,
    year = 2004
}


@misc{torusers,
   title = "Who uses Tor?",
   url = "https://www.torproject.org/about/torusers.html",
   note = "[Online; accessed 17-January-2017]"
 }
 
@misc{metrics,
   title = "Tor Metrics",
   url = "https://metrics.torproject.org",
   note = "[Online; accessed 17-January-2017]"
 }
 
@misc{collector,
   title = "CollecTor",
   url = "https://collector.torproject.org",
   note = "[Online; accessed 17-January-2017]"
 }
 
@misc{cscycles,
   title = "Cycle Servers",
   url = "https://csguide.cs.princeton.edu/resources/cycle",
   note = "[Online; accessed 17-January-2017]"
 }
 
@misc{torspecbug,
   title = "torspec isn't very clear about the encodings used for 'onion-key' and 'signing-key'",
   url = "https://trac.torproject.org/projects/tor/ticket/13042",
   note = "[Online; accessed 17-January-2017]"
 }
 
@misc{sybil,
   title = "Protecting Tor from Sybil attacks",
   url = "https://nymity.ch/sybilhunting/",
   note = "[Online; accessed 17-January-2017]"
 }
 
 
 @inproceedings{biryukov2013trawling,
  title={Trawling for tor hidden services: Detection, measurement, deanonymization},
  author={Biryukov, Alex and Pustogarov, Ivan and Weinmann, Ralf-Philipp},
  booktitle={Security and Privacy (SP), 2013 IEEE Symposium on},
  pages={80--94},
  year={2013},
  organization={IEEE}
}
 
 
 
 @article{rivest1978method,
  title={A method for obtaining digital signatures and public-key cryptosystems},
  author={Rivest, Ronald L and Shamir, Adi and Adleman, Leonard},
  journal={Communications of the ACM},
  volume={21},
  number={2},
  pages={120--126},
  year={1978},
  publisher={ACM}
}

@inproceedings{heninger2012mining,
  title={Mining your Ps and Qs: Detection of widespread weak keys in network devices},
  author={Heninger, Nadia and Durumeric, Zakir and Wustrow, Eric and Halderman, J Alex},
  booktitle={Presented as part of the 21st USENIX Security Symposium (USENIX Security 12)},
  pages={205--220},
  year={2012}
}

@techreport{lenstra2012ron,
  title={Ron was wrong, Whit is right},
  author={Lenstra, Arjen and Hughes, James P and Augier, Maxime and Bos, Joppe Willem and Kleinjung, Thorsten and Wachter, Christophe},
  year={2012},
  institution={IACR}
}

@techreport{dingledine2004tor,
  title={Tor: The second-generation onion router},
  author={Dingledine, Roger and Mathewson, Nick and Syverson, Paul},
  year={2004},
  institution={DTIC Document}
}

@inproceedings{hastings2016weak,
  title={Weak Keys Remain Widespread in Network Devices},
  author={Hastings, Marcella and Fried, Joshua and Heninger, Nadia},
  booktitle={Proceedings of the 2016 ACM on Internet Measurement Conference},
  pages={49--63},
  year={2016},
  organization={ACM}
}

@article{bernstein2004find,
  title={How to find smooth parts of integers},
  author={Bernstein, Daniel J},
  journal={URL: http://cr. yp. to/papers. html\# smoothparts. ID 201a045d5bb24f43f0bd0d97fcf5355a. Citations in this document},
  volume={20},
  year={2004},
  publisher={Citeseer}
}