@inproceedings{Biryukov2013a,
	author = {Alex Biryukov and Ivan Pustogarov and Ralf-Philipp Weinmann},
	title = {Trawling for {Tor} Hidden Services: Detection, Measurement, Deanonymization},
	booktitle = {Security and Privacy},
	publisher = {IEEE},
	year = {2013},
	url = {http://www.ieee-security.org/TC/SP2013/papers/4977a080.pdf},
}

@inproceedings{Heninger2012a,
	author = {Nadia Heninger and Zakir Durumeric and Eric Wustrow and J. Alex Halderman},
	title = {Mining Your {Ps} and {Qs}: Detection of Widespread Weak Keys in Network Devices},
	booktitle = {USENIX Security Symposium},
	publisher = {USENIX},
	year = {2012},
	url = {https://factorable.net/weakkeys12.extended.pdf},
}

@misc{tormetrics,
	author = {{The Tor Project}},
	title = {Servers -- {Tor} metrics},
	url = {https://metrics.torproject.org/networksize.html},
}

@misc{torspec,
	author = {Roger Dingledine and Nick Mathewson},
	title = {{Tor} Protocol Specification},
	url = {https://gitweb.torproject.org/torspec.git/tree/tor-spec.txt},
}

@misc{collector,
	author = {{The Tor Project}},
	title = {{CollecTor}},
	url = {https://collector.torproject.org},
}
