@techreport{Kadianakis2017a,
	author = {George Kadianakis and Claudia V. Roberts and Laura M. Roberts and Philipp Winter},
	title = {Weak keys in {Tor} relays},
	institution = {},
	month = apr,
	year = {2017},
	url = {https://nymity.ch/weak-tor-keys/weak-tor-keys.pdf},
}
